<?xml version="1.0" encoding="UTF-8"?><record xmlns="http://www.loc.gov/MARC21/slim" xmlns:cinclude="http://apache.org/cocoon/include/1.0" xmlns:zs="http://www.loc.gov/zing/srw/">
  <leader>00549cz  a2200169n  4500</leader>
  <controlfield tag="001">n  83018928 </controlfield>
  <controlfield tag="003">DLC</controlfield>
  <controlfield tag="005">20141208114726.0</controlfield>
  <controlfield tag="008">830103n| azannaab           |a aaa      </controlfield>
  <datafield tag="010" ind1=" " ind2=" ">
    <subfield code="a">n  83018928 </subfield>
  </datafield>
  <datafield tag="040" ind1=" " ind2=" ">
    <subfield code="a">DLC</subfield>
    <subfield code="b">eng</subfield>
    <subfield code="e">rda</subfield>
    <subfield code="c">DLC</subfield>
    <subfield code="d">DLC</subfield>
  </datafield>
  <datafield tag="046" ind1=" " ind2=" ">
    <subfield code="f">1933</subfield>
  </datafield>
  <datafield tag="100" ind1="1" ind2=" ">
    <subfield code="a">Kaneko, M.</subfield>
    <subfield code="q">(Masao),</subfield>
    <subfield code="d">1933-</subfield>
  </datafield>
  <datafield tag="378" ind1=" " ind2=" ">
    <subfield code="q">Masao</subfield>
  </datafield>
  <datafield tag="400" ind1="1" ind2="0">
    <subfield code="a">Kaneko, Masao,</subfield>
    <subfield code="d">1933-</subfield>
  </datafield>
  <datafield tag="670" ind1=" " ind2=" ">
    <subfield code="a">Illustrated computer tomography, 1983:</subfield>
    <subfield code="b">CIP t.p. (M. Kaneko) verso t.p. (Masao Kaneko; prof., M.D.; Hamamatsu Univ. Sch. of Med.)</subfield>
  </datafield>
  <datafield tag="670" ind1=" " ind2=" ">
    <subfield code="a">NDL choshamei, 1979</subfield>
    <subfield code="b">(Kaneko Masao, 1933- )</subfield>
  </datafield>
</record>